@misc{APRSFund,
    author={APRS Foundation},
    title={Automatic Packet Reporting System},
    year = {n.d.},
    url = {https://www.aprs.org/}
}

